@article{munnannur2007new,
  title={A new predictive model for fragmenting and non-fragmenting binary droplet collisions},
  author={Munnannur, Achuth and Reitz, Rolf D},
  journal={International journal of multiphase flow},
  volume={33},
  number={8},
  pages={873--896},
  year={2007},
  publisher={Elsevier}
}

@article{qian1997regimes,
  title={Regimes of coalescence and separation in droplet collision},
  author={Qian, J and Law, CK},
  journal={Journal of Fluid Mechanics},
  volume={331},
  pages={59--80},
  year={1997},
  publisher={Cambridge University Press}
}

@article{ashgriz1990coalescence,
  title={Coalescence and separation in binary collisions of liquid drops},
  author={Ashgriz, N and Poo, JY},
  journal={Journal of Fluid Mechanics},
  volume={221},
  pages={183--204},
  year={1990},
  publisher={Cambridge University Press}
}

@article{sommerfeld2016modelling,
  title={Modelling droplet collision outcomes for different substances and viscosities},
  author={Sommerfeld, Martin and Kuschel, Matthias},
  journal={Experiments in Fluids},
  volume={57},
  number={12},
  pages={187},
  year={2016},
  publisher={Springer}
}

@article{estrade1999experimental,
  title={Experimental investigation of dynamic binary collision of ethanol droplets--a model for droplet coalescence and bouncing},
  author={Estrade, J-P and Carentz, Herv{\'e} and Lavergne, G and Biscos, Y},
  journal={International Journal of Heat and Fluid Flow},
  volume={20},
  number={5},
  pages={486--491},
  year={1999},
  publisher={Elsevier}
}

@article{scikit_learn,
 title={Scikit-learn: Machine Learning in {P}ython},
 author={Pedregosa, F. and Varoquaux, G. and Gramfort, A. and Michel, V.
         and Thirion, B. and Grisel, O. and Blondel, M. and Prettenhofer, P.
         and Weiss, R. and Dubourg, V. and Vanderplas, J. and Passos, A. and
         Cournapeau, D. and Brucher, M. and Perrot, M. and Duchesnay, E.},
 journal={Journal of Machine Learning Research},
 volume={12},
 pages={2825--2830},
 year={2011}
}

@article{evaluating_collision,
 title={The Computational Cost and Accuracy of Spray Droplet Collision Models},
 author={Agarwal, Arpit and Wang, Yue and Liang, Long and Naik, Chitral and Meeks, Ellen},
 journal={SAE Technical Paper (under review)},
 year={2019}
}

@misc{rohatgi2011webplotdigitizer,
  title={WebPlotDigitizer (https://automeris.io/WebPlotDigitizer/)},
  author={Rohatgi, Ankit},
  year={2011}
}